@article{Ayyar_2020,
title={The use of Convolutional Neural Networks for signal-background classification in Particle Physics experiments},
volume={245},
ISSN={2100-014X},
url={http://dx.doi.org/10.1051/epjconf/202024506003},
DOI={10.1051/epjconf/202024506003},
journal={EPJ Web of Conferences},
publisher={EDP Sciences},
author={Ayyar, Venkitesh and Bhimji, Wahid and Gerhardt, Lisa and Robertson, Sally and Ronaghi, Zahra},
editor={Doglioni, C. and Kim, D. and Stewart, G.A. and Silvestris, L. and Jackson, P. and Kamleh, W.},
year={2020},
pages={06003} }

@article{Barbosa_2022,
title={Probing a $$\textrm{Z}^{\prime }$$ with non-universal fermion couplings through top quark fusion, decays to bottom quarks, and machine learning techniques},
volume={83},
ISSN={1434-6052},
url={http://dx.doi.org/10.1140/epjc/s10052-023-11506-x},
DOI={10.1140/epjc/s10052-023-11506-x},
number={5},
journal={The European Physical Journal C},
publisher={Springer Science and Business Media LLC},
author={Barbosa, Diego and Díaz, Felipe and Quintero, Liliana and Flórez, Andrés and Sanchez, Manuel and Gurrola, Alfredo and Sheridan, Elijah and Romeo, Francesco},
year={2022},
month=may }
